<?xml version = "1.0" encoding = "UTF-8"?><record>
  <leader>01186nam#a2200337#c#4500</leader>
  <controlfield tag="005">20210408174222.0</controlfield>
  <controlfield tag="007">tu</controlfield>
  <controlfield tag="008">060323|2005####gw############1||#|#ger#c</controlfield>
  <controlfield tag="003">DE-605</controlfield>
  <controlfield tag="001">990144755900206441</controlfield>
  <datafield tag="016" ind1="7" ind2=" ">
    <subfield code="a">1106700832</subfield>
    <subfield code="2">OCoLC</subfield>
  </datafield>
  <datafield tag="035" ind1=" " ind2=" ">
    <subfield code="a">(DE-605)HT014681992</subfield>
  </datafield>
  <datafield tag="040" ind1=" " ind2=" ">
    <subfield code="a">61</subfield>
    <subfield code="b">ger</subfield>
    <subfield code="d">61</subfield>
    <subfield code="e">rakwb</subfield>
  </datafield>
  <datafield tag="041" ind1=" " ind2=" ">
    <subfield code="a">ger</subfield>
  </datafield>
  <datafield tag="044" ind1=" " ind2=" ">
    <subfield code="c">XA-DE</subfield>
  </datafield>
  <datafield tag="084" ind1=" " ind2=" ">
    <subfield code="a">Selikum</subfield>
    <subfield code="0">https://nwbib.de/spatial#Q2268305</subfield>
    <subfield code="2">nwbib</subfield>
  </datafield>
  <datafield tag="084" ind1=" " ind2=" ">
    <subfield code="a">Feiern und Feste</subfield>
    <subfield code="0">https://nwbib.de/subjects#N734000</subfield>
    <subfield code="2">nwbib</subfield>
  </datafield>
  <datafield tag="084" ind1=" " ind2=" ">
    <subfield code="a">Vereine der Brauchtumspflege</subfield>
    <subfield code="0">https://nwbib.de/subjects#N704090</subfield>
    <subfield code="2">nwbib</subfield>
  </datafield>
  <datafield tag="245" ind1="0" ind2="0">
    <subfield code="a">Herzlich Willkommen zum Appeltaatefest 2005</subfield>
    <subfield code="b">vom 3. bis 4. September</subfield>
    <subfield code="c">Cornelius-Gesellschaft Neuss-Selikum e.V.</subfield>
  </datafield>
  <datafield tag="246" ind1="3" ind2=" ">
    <subfield code="a">Appeltaatefest 2005</subfield>
  </datafield>
  <datafield tag="264" ind1=" " ind2="1">
    <subfield code="a">Neuss</subfield>
    <subfield code="c">2005</subfield>
  </datafield>
  <datafield tag="300" ind1=" " ind2=" ">
    <subfield code="a">[ca. 50 Bl.] : Ill.</subfield>
  </datafield>
  <datafield tag="689" ind1="0" ind2="0">
    <subfield code="a">Appeltaatefest</subfield>
    <subfield code="d">2005</subfield>
    <subfield code="c">Neuss</subfield>
    <subfield code="D">f</subfield>
    <subfield code="0">(DE-588)6509781-6</subfield>
    <subfield code="0">(uri) https://portal.dnb.de/opac.htm?method=simpleSearch&amp;cqlMode=true&amp;query=idn=97915104X</subfield>
    <subfield code="0">(uri) http://viaf.org/viaf/sourceID/DNB|97915104X</subfield>
    <subfield code="B">GND-97915104X</subfield>
  </datafield>
  <datafield tag="710" ind1="2" ind2=" ">
    <subfield code="a">Cornelius-Gesellschaft</subfield>
    <subfield code="g">Neuss-Selikum</subfield>
    <subfield code="0">(DE-588)5176874-4</subfield>
    <subfield code="4">oth</subfield>
    <subfield code="0">(uri) https://portal.dnb.de/opac.htm?method=simpleSearch&amp;cqlMode=true&amp;query=idn=948102675</subfield>
    <subfield code="0">(uri) http://viaf.org/viaf/sourceID/DNB|948102675</subfield>
    <subfield code="B">GND-948102675</subfield>
  </datafield>
  <datafield tag="711" ind1="2" ind2=" ">
    <subfield code="a">Appeltaatefest</subfield>
    <subfield code="d">2005</subfield>
    <subfield code="c">Neuss</subfield>
    <subfield code="0">(DE-588)6509781-6</subfield>
    <subfield code="4">oth</subfield>
    <subfield code="0">(uri) https://portal.dnb.de/opac.htm?method=simpleSearch&amp;cqlMode=true&amp;query=idn=97915104X</subfield>
    <subfield code="0">(uri) http://viaf.org/viaf/sourceID/DNB|97915104X</subfield>
    <subfield code="B">GND-97915104X</subfield>
  </datafield>
  <datafield tag="960" ind1="1" ind2=" ">
    <subfield code="n">NWBib-61</subfield>
  </datafield>
  <datafield tag="964" ind1="0" ind2="s">
    <subfield code="F">030</subfield>
    <subfield code="A">a|5dc||||||37</subfield>
  </datafield>
  <datafield tag="964" ind1="0" ind2="s">
    <subfield code="F">050</subfield>
    <subfield code="A">a|||||||||||||</subfield>
  </datafield>
  <datafield tag="964" ind1="0" ind2="s">
    <subfield code="F">051</subfield>
    <subfield code="A">mk|||||</subfield>
  </datafield>
  <datafield tag="035" ind1=" " ind2=" ">
    <subfield code="a">(OCoLC)1106700832</subfield>
    <subfield code="0">(uri) http://www.worldcat.org/oclc/1106700832</subfield>
  </datafield>
  <datafield tag="035" ind1=" " ind2=" ">
    <subfield code="a">(DE-599)HBZHT014681992</subfield>
  </datafield>
  <datafield tag="MBD" ind1=" " ind2=" ">
    <subfield code="M">49HBZ_NETWORK</subfield>
    <subfield code="i">990144755900206441</subfield>
    <subfield code="n">HBZ Network</subfield>
  </datafield>
  <datafield tag="MBD" ind1=" " ind2=" ">
    <subfield code="M">49HBZ_DUE</subfield>
    <subfield code="i">990016922040206443</subfield>
    <subfield code="n">ULB D&#252;sseldorf</subfield>
  </datafield>
  <datafield tag="996" ind1=" " ind2=" ">
    <subfield code="a">Willkomm</subfield>
    <subfield code="9">LOCAL</subfield>
    <subfield code="M">49HBZ_DUE</subfield>
  </datafield>
  <datafield tag="MNG" ind1=" " ind2=" ">
    <subfield code="c">System</subfield>
    <subfield code="f">ILS</subfield>
    <subfield code="i">marc21</subfield>
    <subfield code="k">01</subfield>
    <subfield code="e">false</subfield>
    <subfield code="d">2021-04-08 17:42:22 Europe/Berlin</subfield>
    <subfield code="g">014475590-HBZ01</subfield>
    <subfield code="j">60</subfield>
    <subfield code="a">import</subfield>
    <subfield code="b">2021-04-05 08:44:42 Europe/Berlin</subfield>
  </datafield>
  <datafield tag="H52" ind1="8" ind2=" ">
    <subfield code="b">X0001</subfield>
    <subfield code="c">90L</subfield>
    <subfield code="h">za/4269(2005)</subfield>
    <subfield code="8">22304599970006443</subfield>
  </datafield>
  <datafield tag="HOL" ind1=" " ind2=" ">
    <subfield code="b">2021-04-01 12:27:15</subfield>
    <subfield code="8">22304599970006443</subfield>
    <subfield code="M">49HBZ_DUE</subfield>
    <subfield code="g">false</subfield>
    <subfield code="a">import</subfield>
  </datafield>
  <datafield tag="ITM" ind1=" " ind2=" ">
    <subfield code="H">22304599970006443</subfield>
    <subfield code="x">90L</subfield>
    <subfield code="f">BOOK</subfield>
    <subfield code="v">90L</subfield>
    <subfield code="p">33</subfield>
    <subfield code="X">System</subfield>
    <subfield code="U">2006-03-23 10:59:00</subfield>
    <subfield code="Y">2021-04-01 12:28:02</subfield>
    <subfield code="h">false</subfield>
    <subfield code="M">49HBZ_DUE</subfield>
    <subfield code="s">1</subfield>
    <subfield code="d">8</subfield>
    <subfield code="V">import</subfield>
    <subfield code="b">112726901</subfield>
    <subfield code="a">23304599940006443</subfield>
    <subfield code="c">za/4269(2005)</subfield>
    <subfield code="B">P2006/561</subfield>
    <subfield code="D">20060323</subfield>
    <subfield code="W">2021-04-01 12:27:15</subfield>
    <subfield code="u">X0001</subfield>
    <subfield code="w">X0001</subfield>
  </datafield>
  <datafield tag="GKS" ind1="2" ind2=" ">
    <subfield code="a">Selikumer Appeltaatefest</subfield>
    <subfield code="d">2005</subfield>
    <subfield code="c">Neuss</subfield>
    <subfield code="A">GND</subfield>
    <subfield code="B">GND-97915104X</subfield>
    <subfield code="C">411</subfield>
  </datafield>
  <datafield tag="GKS" ind1="2" ind2=" ">
    <subfield code="a">Appeltaatefest</subfield>
    <subfield code="d">2005</subfield>
    <subfield code="c">Neuss-Selikum</subfield>
    <subfield code="A">GND</subfield>
    <subfield code="B">GND-97915104X</subfield>
    <subfield code="C">411</subfield>
  </datafield>
  <datafield tag="GSI" ind1="7" ind2=" ">
    <subfield code="a">http://d-nb.info/gnd/6509781-6</subfield>
    <subfield code="2">uri</subfield>
    <subfield code="A">GND</subfield>
    <subfield code="B">GND-97915104X</subfield>
    <subfield code="C">024</subfield>
  </datafield>
  <datafield tag="GSI" ind1="7" ind2=" ">
    <subfield code="a">http://d-nb.info/gnd/5176874-4</subfield>
    <subfield code="2">uri</subfield>
    <subfield code="A">GND</subfield>
    <subfield code="B">GND-948102675</subfield>
    <subfield code="C">024</subfield>
  </datafield>
  <datafield tag="GKS" ind1="2" ind2=" ">
    <subfield code="a">Selikumer Appeltaatefest</subfield>
    <subfield code="d">2005</subfield>
    <subfield code="c">Neuss</subfield>
    <subfield code="A">GND</subfield>
    <subfield code="B">GND-97915104X</subfield>
    <subfield code="C">411</subfield>
  </datafield>
  <datafield tag="GKS" ind1="2" ind2=" ">
    <subfield code="a">Appeltaatefest</subfield>
    <subfield code="d">2005</subfield>
    <subfield code="c">Neuss-Selikum</subfield>
    <subfield code="A">GND</subfield>
    <subfield code="B">GND-97915104X</subfield>
    <subfield code="C">411</subfield>
  </datafield>
  <datafield tag="GSI" ind1="7" ind2=" ">
    <subfield code="a">http://d-nb.info/gnd/6509781-6</subfield>
    <subfield code="2">uri</subfield>
    <subfield code="A">GND</subfield>
    <subfield code="B">GND-97915104X</subfield>
    <subfield code="C">024</subfield>
  </datafield>
</record>